<?xml version="1.0" encoding="UTF-8"?><collection xmlns="http://www.loc.gov/MARC21/slim"><record><leader>00349nam--2200121-i-4500</leader><controlfield tag="001">000040954</controlfield><controlfield tag="002">20161230</controlfield><controlfield tag="005">20161230201042</controlfield><controlfield tag="008">060222s1000------------r-----000-0-eng-d</controlfield><datafield ind1=" " ind2=" " tag="080"><subfield code="a">53:001.89</subfield></datafield><datafield ind1=" " ind2=" " tag="245"><subfield code="a">Scienstific research in british univ.and colleges 1965-1966. vol.1:physical sciences</subfield></datafield><datafield ind1=" " ind2=" " tag="260"><subfield code="a">London, H.M.S.O.,1966. Xix + 413 P</subfield></datafield><datafield ind1=" " ind2=" " tag="852"><subfield code="a">24686</subfield></datafield></record></collection>